@inproceedings{parker2013comparing,
	author = {Parker, Zachary and Poe, Scott and Vrbsky, Susan V.},
	title = {Comparing NoSQL MongoDB to an SQL DB},
	booktitle = {Proceedings of the 51st ACM Southeast Conference},
	series = {ACMSE '13},
	year = {2013},
	isbn = {978-1-4503-1901-0},
	location = {Savannah, Georgia},
	pages = {5:1--5:6},
	articleno = {5},
	numpages = {6},
	url = {http://doi.acm.org/10.1145/2498328.2500047},
	doi = {10.1145/2498328.2500047},
	acmid = {2500047},
	publisher = {ACM},
	address = {New York, NY, USA},
	keywords = {MongoDB, NoSQL, SQL, performance, relational, structured data},
}

@inbook{lourenconosqldbs,
	author="Louren{\c{c}}o, Jo{\~a}o Ricardo
	and Abramova, Veronika
	and Vieira, Marco
	and Cabral, Bruno
	and Bernardino, Jorge",
	editor="Rocha, Alvaro
	and Correia, Maria Ana
	and Costanzo, Sandra
	and Reis, Paulo Luis",
	title="NoSQL Databases: A Software Engineering Perspective",
	bookTitle="New Contributions in Information Systems and Technologies: Volume 1",
	year="2015",
	publisher="Springer International Publishing",
	address="Cham",
	pages="741--750",
	isbn="978-3-319-16486-1",
	doi="10.1007/978-3-319-16486-1_73",
	url="http://dx.doi.org/10.1007/978-3-319-16486-1_73"
}

@misc{MakbleAdvanDisadvan,
	author = "Makble",
	title = "The Advantanges and Disadvantages of MongoDB",
	year = "2016",
	month = "May",
	day = "1",
	howpublished = {\url{http://makble.com/the-advantages-and-disadvantages-of-mongodb}},
	note = "[Online; accessed 2-September-2016]"
}

@misc{upguardmysqlmongodb,
	author = "UpGuard",
	title = "MySQL vs MongoDB",
	year = "2014",
	month = "July",
	day = "1",
	howpublished = {\url{https://www.upguard.com/articles/mysql-vs-mongodb}},
	note = "[Online; accessed 2-September-2016]"
}

@misc{bucklersqlnosql,
	author = "Craig Buckler",
	title = "SQL vs NoSQL: The Differences",
	year = "2015",
	month = "September",
	day = "18",
	howpublished = {\url{https://www.sitepoint.com/sql-vs-nosql-differences/}},
	note = "[Online; accessed 2-September-2016]"
}

@misc{nosqlsqlbattle,
	title = "The great NoSQL vs. SQL battle ranking",
	year = "2013",
	month = "December",
	day = "14",
	howpublished = {\url{http://www.nosql-vs-sql.com/}},
	note = "[Online; accessed 2-September-2016]"
}

@inbook{whitehornmarklyn,
	author="Whitehorn, Mark
	and Marklyn, Bill",
	title="Inside Relational Databases with Examples in Access",
	year="2007",
	publisher="Springer London",
	address="Cham",
	pages="388",
	isbn="978-1-8462-8394-9"	 
}
